<?xml version="1.0" encoding="UTF-8"?>
<record>
  <leader>00900nam#a2200337#c#4500</leader>
  <controlfield tag="005">20211022111700.0</controlfield>
  <controlfield tag="007">tu</controlfield>
  <controlfield tag="008">211014|2020####gw############|||#|#ger#c</controlfield>
  <controlfield tag="003">DE-605</controlfield>
  <controlfield tag="001">99371014448006441</controlfield>
  <datafield tag="020" ind1=" " ind2=" ">
    <subfield code="a">9783872768865</subfield>
    <subfield code="c">pbk.</subfield>
    <subfield code="9">978-3-87276-886-5</subfield>
  </datafield>
  <datafield tag="035" ind1=" " ind2=" ">
    <subfield code="a">(DE-605)HT021117356</subfield>
  </datafield>
  <datafield tag="040" ind1=" " ind2=" ">
    <subfield code="c">DE-605</subfield>
    <subfield code="a">38/459</subfield>
    <subfield code="b">ger</subfield>
    <subfield code="d">38/459</subfield>
    <subfield code="e">rda</subfield>
    <subfield code="d">DE-605</subfield>
  </datafield>
  <datafield tag="041" ind1=" " ind2=" ">
    <subfield code="a">ger</subfield>
  </datafield>
  <datafield tag="044" ind1=" " ind2=" ">
    <subfield code="c">XA-DE-BW</subfield>
  </datafield>
  <datafield tag="100" ind1="1" ind2=" ">
    <subfield code="a">Rickmeyer, Jens</subfield>
    <subfield code="d">1945-</subfield>
    <subfield code="0">(DE-588)1031275339</subfield>
    <subfield code="4">aut</subfield>
    <subfield code="0">
      https://portal.dnb.de/opac.htm?method=simpleSearch&amp;cqlMode=true&amp;query=idn=1031275339
    </subfield>
    <subfield code="0">http://viaf.org/viaf/sourceID/DNB|1031275339</subfield>
    <subfield code="B">GND-1031275339</subfield>
  </datafield>
  <datafield tag="245" ind1="1" ind2="0">
    <subfield code="a">Japanische Morphosyntax</subfield>
    <subfield code="c">Jens Rickmeyer</subfield>
  </datafield>
  <datafield tag="250" ind1=" " ind2=" ">
    <subfield code="a">3., verbesserte Auflage</subfield>
  </datafield>
  <datafield tag="264" ind1=" " ind2="1">
    <subfield code="a">Tübingen</subfield>
    <subfield code="b">Edition Julius Groos</subfield>
    <subfield code="c">2020</subfield>
  </datafield>
  <datafield tag="300" ind1=" " ind2=" ">
    <subfield code="a">458 Seiten</subfield>
  </datafield>
  <datafield tag="336" ind1=" " ind2=" ">
    <subfield code="b">txt</subfield>
  </datafield>
  <datafield tag="337" ind1=" " ind2=" ">
    <subfield code="b">n</subfield>
  </datafield>
  <datafield tag="338" ind1=" " ind2=" ">
    <subfield code="b">nc</subfield>
  </datafield>
  <datafield tag="688" ind1=" " ind2=" ">
    <subfield code="a">Linguistik und Spracherwerb</subfield>
  </datafield>
  <datafield tag="688" ind1=" " ind2=" ">
    <subfield code="a">Gegenwartssprache</subfield>
  </datafield>
  <datafield tag="688" ind1=" " ind2=" ">
    <subfield code="a">Grammatik</subfield>
  </datafield>
  <datafield tag="688" ind1=" " ind2=" ">
    <subfield code="a">Morphologie</subfield>
  </datafield>
  <datafield tag="688" ind1=" " ind2=" ">
    <subfield code="a">Syntax</subfield>
  </datafield>
  <datafield tag="964" ind1="0" ind2="s">
    <subfield code="F">051</subfield>
    <subfield code="A">m|||||||</subfield>
  </datafield>
  <datafield tag="964" ind1="0" ind2="s">
    <subfield code="F">030</subfield>
    <subfield code="A">a||dr||||||17</subfield>
  </datafield>
  <datafield tag="964" ind1="0" ind2="s">
    <subfield code="F">050</subfield>
    <subfield code="A">a|a|||||||||||</subfield>
  </datafield>
  <datafield tag="035" ind1=" " ind2=" ">
    <subfield code="a">(DE-599)HBZHT021117356</subfield>
  </datafield>
  <datafield tag="MBD" ind1=" " ind2=" ">
    <subfield code="M">49HBZ_NETWORK</subfield>
    <subfield code="i">99371014448006441</subfield>
    <subfield code="n">HBZ Network</subfield>
  </datafield>
  <datafield tag="MBD" ind1=" " ind2=" ">
    <subfield code="M">49HBZ_BRIDGE_UBK</subfield>
    <subfield code="i">99428532607147</subfield>
    <subfield code="n">Universitäts- und Stadtbibliothek Köln</subfield>
  </datafield>
  <datafield tag="020" ind1=" " ind2=" ">
    <subfield code="a">9783872768865</subfield>
    <subfield code="c">pbk.</subfield>
    <subfield code="9">978-3-87276-886-5</subfield>
    <subfield code="M">49HBZ_BRIDGE_UBK</subfield>
  </datafield>
  <datafield tag="MNG" ind1=" " ind2=" ">
    <subfield code="c">System</subfield>
    <subfield code="f">HBZ</subfield>
    <subfield code="i">marc21</subfield>
    <subfield code="h">20211022111700.0</subfield>
    <subfield code="k">01</subfield>
    <subfield code="e">false</subfield>
    <subfield code="d">2021-10-22 12:01:03 Europe/Berlin</subfield>
    <subfield code="g">HT021117356</subfield>
    <subfield code="j">60</subfield>
    <subfield code="a">System</subfield>
    <subfield code="b">2021-10-14 12:00:57 Europe/Berlin</subfield>
  </datafield>
  <datafield tag="H52" ind1="0" ind2=" ">
    <subfield code="b">K1144</subfield>
    <subfield code="c">00009001</subfield>
    <subfield code="h">JAP/Ls3-7Ric5#a</subfield>
    <subfield code="8">22182509640007147</subfield>
  </datafield>
  <datafield tag="HOL" ind1=" " ind2=" ">
    <subfield code="d">2023-02-23 18:52:29</subfield>
    <subfield code="8">22182509640007147</subfield>
    <subfield code="b">2023-02-23 18:52:29</subfield>
    <subfield code="M">49HBZ_BRIDGE_UBK</subfield>
    <subfield code="g">false</subfield>
    <subfield code="a">System</subfield>
    <subfield code="c">System</subfield>
  </datafield>
  <datafield tag="ITM" ind1=" " ind2=" ">
    <subfield code="H">22182509640007147</subfield>
    <subfield code="x">00009001</subfield>
    <subfield code="f">BOOK</subfield>
    <subfield code="v">00009001</subfield>
    <subfield code="p">04</subfield>
    <subfield code="X">System</subfield>
    <subfield code="Y">2022-06-28 02:00:00 Europe/Berlin</subfield>
    <subfield code="n">JAP/Ls3-7Ric5#a</subfield>
    <subfield code="M">49HBZ_BRIDGE_UBK</subfield>
    <subfield code="s">1</subfield>
    <subfield code="d">0</subfield>
    <subfield code="V">System</subfield>
    <subfield code="b">JAP/0020015</subfield>
    <subfield code="a">23182509600007147</subfield>
    <subfield code="c">JAP/Ls3-7Ric5#a</subfield>
    <subfield code="W">2023-02-23 19:52:29 Europe/Berlin</subfield>
    <subfield code="u">K1144</subfield>
    <subfield code="w">K1144</subfield>
  </datafield>
  <datafield tag="GSI" ind1="7" ind2=" ">
    <subfield code="a">http://d-nb.info/gnd/1031275339</subfield>
    <subfield code="2">uri</subfield>
    <subfield code="A">GND</subfield>
    <subfield code="B">GND-1031275339</subfield>
    <subfield code="C">024</subfield>
  </datafield>
</record>
